<?xml version="1.0" encoding="UTF-8"?><record xmlns="http://www.loc.gov/MARC21/slim" xmlns:cinclude="http://apache.org/cocoon/include/1.0" xmlns:zs="http://www.loc.gov/zing/srw/">
  <leader>01103nz  a2200205n  4500</leader>
  <controlfield tag="001">no2015105794</controlfield>
  <controlfield tag="003">DLC</controlfield>
  <controlfield tag="005">20150812073515.0</controlfield>
  <controlfield tag="008">150810n| azannaabn          |n aaa     c</controlfield>
  <datafield tag="010" ind1=" " ind2=" ">
    <subfield code="a">no2015105794</subfield>
  </datafield>
  <datafield tag="035" ind1=" " ind2=" ">
    <subfield code="a">(OCoLC)oca10240543</subfield>
  </datafield>
  <datafield tag="040" ind1=" " ind2=" ">
    <subfield code="a">WaU</subfield>
    <subfield code="b">eng</subfield>
    <subfield code="e">rda</subfield>
    <subfield code="c">WaU</subfield>
  </datafield>
  <datafield tag="046" ind1=" " ind2=" ">
    <subfield code="f">1974</subfield>
  </datafield>
  <datafield tag="100" ind1="1" ind2=" ">
    <subfield code="a">Reinman, Glenn,</subfield>
    <subfield code="d">1974-</subfield>
  </datafield>
  <datafield tag="373" ind1=" " ind2=" ">
    <subfield code="a">University of California, Los Angeles. Computer Science Department</subfield>
    <subfield code="2">naf</subfield>
  </datafield>
  <datafield tag="373" ind1=" " ind2=" ">
    <subfield code="a">University of California, San Diego</subfield>
    <subfield code="2">naf</subfield>
  </datafield>
  <datafield tag="373" ind1=" " ind2=" ">
    <subfield code="a">Massachusetts Institute of Technology</subfield>
    <subfield code="2">naf</subfield>
  </datafield>
  <datafield tag="375" ind1=" " ind2=" ">
    <subfield code="a">male</subfield>
  </datafield>
  <datafield tag="670" ind1=" " ind2=" ">
    <subfield code="a">Customizable computing, 2015, via WWW, Aug. 10, 2015:</subfield>
    <subfield code="b">PDF t.p. (Glenn Reinman; University of California, Los Angeles) p. 106 (B.S. in computer science and engineering from the Massachusetts Institute of Technology in 1996; M.S. and Ph.D in computer science from the University of California, San Diego, in 1999 and 2001, respectively; currently a professor in the Computer Science Department at the University of California, Los Angeles)</subfield>
  </datafield>
  <datafield tag="670" ind1=" " ind2=" ">
    <subfield code="a">OCLC, Aug. 10, 2015</subfield>
    <subfield code="b">(access points: Reinman, Glenn, 1974- ; Reinman, Glenn; usage: Glenn Reinman)</subfield>
  </datafield>
</record>